<?xml version="1.0" encoding="UTF-8"?><collection xmlns="http://www.loc.gov/MARC21/slim"><record><leader>00432nam--2200133-i-4500</leader><controlfield tag="001">000007542</controlfield><controlfield tag="002">20161230</controlfield><controlfield tag="005">20161230201027</controlfield><controlfield tag="008">060222s1000------------r-----000-0-eng-d</controlfield><datafield ind1=" " ind2=" " tag="100"><subfield code="a">Chevalier, Gerard Et Thal, Florence</subfield></datafield><datafield ind1=" " ind2=" " tag="245"><subfield code="a">Degagement, proprietes et piegeage des iodes r adioactifs dans les effluents gazeux</subfield></datafield><datafield ind1=" " ind2=" " tag="260"><subfield code="a">Saclay, Centre D Etudes Nucleaires, 1965. 72 P</subfield></datafield><datafield ind1=" " ind2=" " tag="490"><subfield code="a">Serie  Bibliographies  No.64</subfield></datafield><datafield ind1=" " ind2=" " tag="852"><subfield code="a">D.1021</subfield></datafield></record></collection>